@online{tech-faq,
    author = "tech-faq",
    title = "Cryptographic Libraries",
    url  = "http://www.tech-faq.com/cryptographic-libraries.html",
    addendum = "(accessed: 20.03.2017)",
    keywords = "cryptography,cryptographic library,ssl"
}

@online{heartbleed,
    author = "Synopsys",
    title = "The Heartbleed Bug",
    url  = "http://heartbleed.com/",
    addendum = "(accessed: 20.03.2017)",
    keywords = "vulnerability,cryptography,openssl"
}
@online{heartbleed-poc,
    author = "sensepost",
    title = "Test for SSL heartbeat vulnerability (CVE-2014-0160)",
    url  = "https://github.com/sensepost/heartbleed-poc",
    addendum = "(accessed: 20.03.2017)",
    keywords = "vulnerability,cryptography,openssl"
}

@online{gnupg,
    author = "GnuPG Project",
    title = "GnuPG - Libraries",
    url  = "https://gnupg.org/software/libraries.html",
    addendum = "(accessed: 20.03.2017)",
    keywords = "cryptography,gnupg"
}

@online{openssl,
    author = "OpenSSL Software Foundation",
    title = "Welcome to OpenSSL!",
    url  = "https://www.openssl.org/",
    addendum = "(accessed: 20.03.2017)",
    keywords = "cryptography,openssl"
}

@online{cryptlib,
    author = "cryptlib",
    title = "Encryption Security Software Development Toolkit",
    url  = "http://www.cryptlib.com",
    addendum = "(accessed: 20.03.2017)",
    keywords = "cryptography,openssl"
}

@article{nacl,
  title={The security impact of a new cryptographic library.},
  author={Bernstein, Daniel J and Lange, Tanja and Schwabe, Peter},
  journal={IACR Cryptology ePrint Archive},
  volume={2011},
  pages={646},
  year={2011}
}