@article{md5-col,
author = {Wang, Xiaoyun and Feng, Dengguo and Lai, Xuejia and Yu, Hongbo},
year = {2004},
month = {01},
pages = {199},
title = {Collisions for Hash Functions MD4, MD5, HAVAL-128 and RIPEMD.},
volume = {2004},
booktitle = {IACR Cryptology ePrint Archive}
}

@inproceedings{sha-1-col,
  title={The first collision for full SHA-1},
  author={Stevens, Marc and Bursztein, Elie and Karpman, Pierre and Albertini, Ange and Markov, Yarik},
  booktitle={Annual International Cryptology Conference},
  pages={570--596},
  year={2017},
  organization={Springer}
}

@online{seed-labs,
    author = "Wenliang Du, Syracuse University",
    title = "SEED Labs â€“ MD5 Collision Attack Lab",
    url  = "http://www.cis.syr.edu/~wedu/seed/Labs_16.04/Crypto/Crypto_MD5_Collision/Crypto_MD5_Collision.pdf",
    addendum = "(accessed: 28.03.2018)",
    keywords = "md5,collision attack"
}